%YAML 1.1
%TAG !u! tag:unity3d.com,2011:
--- !u!241 &24100000
AudioMixerController:
  m_ObjectHideFlags: 0
  m_CorrespondingSourceObject: {fileID: 0}
  m_PrefabInstance: {fileID: 0}
  m_PrefabAsset: {fileID: 0}
  m_Name: AudioMixer
  m_OutputGroup: {fileID: 0}
  m_MasterGroup: {fileID: 24300002}
  m_Snapshots:
  - {fileID: 24500006}
  m_StartSnapshot: {fileID: 24500006}
  m_SuspendThreshold: -80
  m_EnableSuspend: 1
  m_UpdateMode: 0
  m_ExposedParameters:
  - guid: 5668a1573c722ba4ca49a8856486ca48
    name: BGM
  - guid: 62ea480da8826f54aadec06cf274e66b
    name: Master
  - guid: 80327a444447b174dba6893b38b4e95d
    name: SE
  m_AudioMixerGroupViews:
  - guids:
    - e65eaf616c89d4249bac2a8959ca1cb1
    - 7e75dcf689562ab47bcf6acabb24428e
    - 9eec45f3463377348ab4cc3d831cab5d
    name: View
  m_CurrentViewIndex: 0
  m_TargetSnapshot: {fileID: 24500006}
--- !u!243 &24300002
AudioMixerGroupController:
  m_ObjectHideFlags: 0
  m_CorrespondingSourceObject: {fileID: 0}
  m_PrefabInstance: {fileID: 0}
  m_PrefabAsset: {fileID: 0}
  m_Name: Master
  m_AudioMixer: {fileID: 24100000}
  m_GroupID: e65eaf616c89d4249bac2a8959ca1cb1
  m_Children:
  - {fileID: 5869557238813244513}
  - {fileID: 6008890324194633068}
  m_Volume: 62ea480da8826f54aadec06cf274e66b
  m_Pitch: a300cb60ea1ad864490bef2ffadf5321
  m_Send: 00000000000000000000000000000000
  m_Effects:
  - {fileID: 24400004}
  m_UserColorIndex: 0
  m_Mute: 0
  m_Solo: 0
  m_BypassEffects: 0
--- !u!244 &24400004
AudioMixerEffectController:
  m_ObjectHideFlags: 3
  m_CorrespondingSourceObject: {fileID: 0}
  m_PrefabInstance: {fileID: 0}
  m_PrefabAsset: {fileID: 0}
  m_Name: 
  m_EffectID: 80d5956c99b220449bfbf5a1ec4b7d84
  m_EffectName: Attenuation
  m_MixLevel: 8a1130762afab694ea2698cb76ef70e8
  m_Parameters: []
  m_SendTarget: {fileID: 0}
  m_EnableWetMix: 0
  m_Bypass: 0
--- !u!245 &24500006
AudioMixerSnapshotController:
  m_ObjectHideFlags: 0
  m_CorrespondingSourceObject: {fileID: 0}
  m_PrefabInstance: {fileID: 0}
  m_PrefabAsset: {fileID: 0}
  m_Name: Snapshot
  m_AudioMixer: {fileID: 24100000}
  m_SnapshotID: 0159da5a22994294980e8175469443e5
  m_FloatValues:
    80327a444447b174dba6893b38b4e95d: 0.23288241
    5668a1573c722ba4ca49a8856486ca48: -8.362404
  m_TransitionOverrides: {}
--- !u!244 &2265528948860675239
AudioMixerEffectController:
  m_ObjectHideFlags: 3
  m_CorrespondingSourceObject: {fileID: 0}
  m_PrefabInstance: {fileID: 0}
  m_PrefabAsset: {fileID: 0}
  m_Name: 
  m_EffectID: fb80f03cd80f45f47aaa427ac932f435
  m_EffectName: Attenuation
  m_MixLevel: fd7b1abd5354cc04fb701eb117e4317e
  m_Parameters: []
  m_SendTarget: {fileID: 0}
  m_EnableWetMix: 0
  m_Bypass: 0
--- !u!244 &3507493838816939264
AudioMixerEffectController:
  m_ObjectHideFlags: 3
  m_CorrespondingSourceObject: {fileID: 0}
  m_PrefabInstance: {fileID: 0}
  m_PrefabAsset: {fileID: 0}
  m_Name: 
  m_EffectID: 414f0372820ed6849a85a7fa9cbd6330
  m_EffectName: Attenuation
  m_MixLevel: 43e740a230d24224aa9fa613b27cd4c9
  m_Parameters: []
  m_SendTarget: {fileID: 0}
  m_EnableWetMix: 0
  m_Bypass: 0
--- !u!243 &5869557238813244513
AudioMixerGroupController:
  m_ObjectHideFlags: 0
  m_CorrespondingSourceObject: {fileID: 0}
  m_PrefabInstance: {fileID: 0}
  m_PrefabAsset: {fileID: 0}
  m_Name: BGM
  m_AudioMixer: {fileID: 24100000}
  m_GroupID: 7e75dcf689562ab47bcf6acabb24428e
  m_Children: []
  m_Volume: 5668a1573c722ba4ca49a8856486ca48
  m_Pitch: af42f5ec29208284d9905e91daa22c36
  m_Send: 00000000000000000000000000000000
  m_Effects:
  - {fileID: 3507493838816939264}
  m_UserColorIndex: 0
  m_Mute: 0
  m_Solo: 0
  m_BypassEffects: 0
--- !u!243 &6008890324194633068
AudioMixerGroupController:
  m_ObjectHideFlags: 0
  m_CorrespondingSourceObject: {fileID: 0}
  m_PrefabInstance: {fileID: 0}
  m_PrefabAsset: {fileID: 0}
  m_Name: SE
  m_AudioMixer: {fileID: 24100000}
  m_GroupID: 9eec45f3463377348ab4cc3d831cab5d
  m_Children: []
  m_Volume: 80327a444447b174dba6893b38b4e95d
  m_Pitch: 190259999b807ab438e17a9fb80a4951
  m_Send: 00000000000000000000000000000000
  m_Effects:
  - {fileID: 2265528948860675239}
  m_UserColorIndex: 0
  m_Mute: 0
  m_Solo: 0
  m_BypassEffects: 0
